%% This BibTeX bibliography file was created using BibDesk.
%% http://bibdesk.sourceforge.net/


%% Created for Till J. Ernst at 2018-04-11 10:46:47 +0200 


%% Saved with string encoding Unicode (UTF-8) 



@misc{ReflectingTeam2018,
	Author = {{Methodenpool Uni K{\"o}ln}},
	Lastchecked = {11.04.2018},
	Title = {Reflecting Team},
	Url = {http://methodenpool.uni-koeln.de},
	Year = {2018}}

@book{Yalom2005,
	Author = {Yalom, Irvin D.},
	Pages = {416},
	Publisher = {BTB Tb},
	Title = {{Im Hier und Jetzt. Richtlinien der Gruppenpsychotherapie.}},
	Year = {2005}}

@book{Yalom2010,
	Address = {Bergisch Gladbach},
	Author = {Yalom, Irvin D.},
	Edition = {5.},
	Publisher = {EHP - Verlag Andreas Kohlhage},
	Title = {{Existenzielle Psychotherapie}},
	Year = {2010}}
